<?xml version="1.0" encoding="UTF-8"?><record xmlns="http://www.loc.gov/MARC21/slim" xmlns:cinclude="http://apache.org/cocoon/include/1.0" xmlns:zs="http://www.loc.gov/zing/srw/">
  <leader>00563cz  a2200157n  4500</leader>
  <controlfield tag="001">n  91092319 </controlfield>
  <controlfield tag="003">DLC</controlfield>
  <controlfield tag="005">20130126074818.0</controlfield>
  <controlfield tag="008">910911n| azannaabn          |a ana      </controlfield>
  <datafield tag="010" ind1=" " ind2=" ">
    <subfield code="a">n  91092319 </subfield>
  </datafield>
  <datafield tag="035" ind1=" " ind2=" ">
    <subfield code="a">(OCoLC)oca03018869</subfield>
  </datafield>
  <datafield tag="040" ind1=" " ind2=" ">
    <subfield code="a">DLC</subfield>
    <subfield code="b">eng</subfield>
    <subfield code="e">rda</subfield>
    <subfield code="c">DLC</subfield>
    <subfield code="d">DLC</subfield>
    <subfield code="d">ICU</subfield>
  </datafield>
  <datafield tag="110" ind1="2" ind2=" ">
    <subfield code="a">Tufts University.</subfield>
    <subfield code="b">Art Gallery</subfield>
  </datafield>
  <datafield tag="410" ind1="2" ind2=" ">
    <subfield code="a">Tufts University Gallery</subfield>
  </datafield>
  <datafield tag="670" ind1=" " ind2=" ">
    <subfield code="a">Allara, P. Alice Neel, exterior/interior, 1991:</subfield>
    <subfield code="b">CIP t.p. (Tufts University Art Gallery, Medford, MA)</subfield>
  </datafield>
  <datafield tag="670" ind1=" " ind2=" ">
    <subfield code="a">Friedel Dzubas, 1998:</subfield>
    <subfield code="b">CIP t.p. (Tufts University Gallery, Medford, Massachusetts)</subfield>
  </datafield>
</record>